
@article{alchourron1991argumentos,
  title = {Los Argumentos Juridicos a fortiori y a pari},
  author = {Alchourr\'on, Carlos E},
  date = {1991},
  journaltitle = {Carlos E. Alchourr\'on y Eugenio Bulygin, An\'alisis l\'ogico y derecho. Madrid, Centro de Estudios Constitucionales}
}
% == BibLateX quality report for alchourron1991argumentos:
% ? Possibly abbreviated journal title Carlos E. Alchourrón y Eugenio Bulygin, Análisis lógico y derecho. Madrid, Centro de Estudios Constitucionales

@book{allan2009concise,
  title = {Concise Encyclopedia of Semantics},
  author = {Allan, Keith},
  date = {2009},
  publisher = {{Elsevier}}
}

@article{gentzen1935untersuchungen,
  title={Untersuchungen {\"u}ber das logische Schlie{\ss}en. I},
  author={Gentzen, Gerhard},
  journal={Mathematische zeitschrift},
  volume={39},
  number={1},
  pages={176--210},
  year={1935},
  publisher={Springer}
}
@article{westen1981confusing,
  title={On Confusing Ideas: Reply},
  author={Westen, Peter},
  journal={Yale LJ},
  volume={91},
  pages={1153},
  year={1981},
  publisher={HeinOnline}
}

@book{posner2003law,
  title={Law, pragmatism, and democracy},
  author={Posner, Richard A},
  year={2003},
  publisher={Harvard University Press}
}

@book{weinreb2005legal,
  title={Legal reason: The use of analogy in legal argument},
  author={Weinreb, Lloyd L},
  year={2005},
  publisher={Cambridge University Press}
}

@article{posner2006reasoning,
  title={Reasoning by analogy (reviewing Lloyd L. Weinreb, Legal Reason: The Use of Analogy in Legal Argument (2005)},
  author={Posner, Richard A},
  year={2006},
  journal={91 Cornell Law Review 76}
}

@article{lorenzen1961dialogisches,
  title={Ein dialogisches konstruktivit{\"a}tskriterium},
  author={Lorenzen, Paul},
  journal={Infinitistic Methods},
  pages={193--200},
  year={1961},
  publisher={Pergamon Press Oxford}
}

@article{hart1958positivism,
  title={Positivism and the Separation of Law and Morals},
  author={Hart, Herbert Lionel A},
  journal={Harvard law review},
  pages={593--629},
  year={1958},
  publisher={JSTOR}
}

@book{hesse1965models,
  title={Models and Analogies in Science},
  author={Hesse, Mary},
  year={1965},
  publisher={University of Notre Dame Press}
}

@misc{armgardt2013salvius,
  title={Salvius Iulianus als Meister der stoischen Logik-zur Deutung von Iulian D. 34, 5, 13 (14), 2-3},
  author={Armgardt, Matthias},
  year={2013}
}

@article{armgardt2010ruckwirkung,
  title={Zur R{\"u}ckwirkung der Bedingung im klassischen r{\"o}mischen Recht und zum stoischen Determinismus},
  author={Armgardt, Matthias},
  journal={Tijdschrift voor Rechtsgeschiedenis/Revue d'Histoire du Droit/The Legal History Review},
  volume={78},
  number={3-4},
  pages={341--349},
  year={2010},
  publisher={Brill Nijhoff}
}

@article{armgardt2008bedingungsdogmatik,
  title={Zur Bedingungsdogmatik im klassischen r{\"o}mischen Recht und zu ihren Grundlagen in der stoischen Logik},
  author={Armgardt, Matthias},
  journal={Tijdschrift voor Rechtsgeschiedenis/Revue d'Histoire du Droit/The Legal History Review},
  volume={76},
  number={3-4},
  pages={219--235},
  year={2008},
  publisher={Brill Nijhoff}
}

@book{armgardt2001rechtslogische,
  title={Das rechtslogische System der" Doctrina conditionum" von Gottfried Wilhelm Leibniz},
  author={Armgardt, Matthias},
  year={2001},
  publisher={Elwert}
}

@phdthesis{thiercelin2009theorie,
  title={La th{\'e}orie juridique leibnizienne des conditions: ce que la logique fait au droit (ce que le droit fait {\`a} la logique)},
  author={Thiercelin, Alexandre},
  year={2009},
  school={Lille 3}
}

@incollection{thiercelin2008two,
  title={On two argumentative uses of the notion of uncertainty in Law in Leibniz’s juridical dissertations about conditions},
  author={Thiercelin, Alexandre},
  booktitle={Leibniz: What Kind of Rationalist?},
  pages={251--266},
  year={2008},
  publisher={Springer}
}

@incollection{boucher2008leibniz,
  title={Leibniz: What Kind of Legal Rationalism?},
  author={Boucher, Pol},
  booktitle={Leibniz: What Kind of Rationalist?},
  pages={231--249},
  year={2008},
  publisher={Springer}
}

@book{koch1982juristische,
  title={Juristische Begr{\"u}ndungslehre: eine Einf{\"u}hrung in Grundprobleme der Rechtswissenschaft},
  author={Koch, Hans-Joachim and R{\"u}{\ss}mann, Helmut},
  year={1982},
  publisher={Beck}
}

@incollection{thiercelin2010epistemic,
  title={Epistemic and practical aspects of conditionals in Leibniz’s legal theory of conditions},
  author={Thiercelin, Alexandre},
  booktitle={Approaches to legal rationality},
  pages={203--215},
  year={2010},
  publisher={Springer}
}

@incollection{armgardt2015presumptions,
  title={Presumptions and Conjectures in Leibniz’s Legal Theory},
  author={Armgardt, Matthias},
  booktitle={Past and Present Interactions in Legal Reasoning and Logic},
  pages={51--69},
  year={2015},
  publisher={Springer}
}

@InCollection{sep-types-tokens,
	author       =	{Wetzel, Linda},
	title        =	{Types and Tokens},
	booktitle    =	{The Stanford Encyclopedia of Philosophy},
	editor       =	{Edward N. Zalta},
	howpublished =	{\url{https://plato.stanford.edu/archives/fall2018/entries/types-tokens/}},
	year         =	{2018},
	edition      =	{Fall 2018},
	publisher    =	{Metaphysics Research Lab, Stanford University}
}

@book{kenny2014five,
  title={Five Ways: St Thomas Aquinas Vo},
  author={Kenny, Anthony},
  year={2014},
  publisher={Routledge}
}

@book{aristotle,
  title={Complete works of Aristotle, volume 1: The revised Oxford translation},
  author={Aristotle},
  editor       =	{Barnes, Jonathan and others},
  volume={96},
  year={1984},
  publisher={Princeton University Press}
}

@inproceedings{martin1991path,
  title={A path from logic to metaphysics},
  author={Martin-L{\"o}f, Per},
  booktitle={Atti del Congresso Nuovi problemi della logica e della filosofia della scienza},
  volume={2},
  pages={141--149},
  year={1991},
  organization={Editrice CLUEB}
}

@book{heidegger1962being,
  title={Sein und Zeit},
  author={Heidegger, Martin},
  year={1927},
  publisher={Halle : M. Niemeyer}
}

@book{Wittgenstein2009philosophical,
  title={Philosophical investigations},
  author={Wittgenstein, Ludwig},
  year={2009},
  publisher={John Wiley \& Sons}
}

@book{kant1998pure,
  title={Critique of Pure Reason},
  author={Kant, Immanuel},
  publisher={Trans. and eds. Paul Guyer and Allen Wood. Cambridge: Cambridge University Press},
  year={1998}
}

@book{Bartha2010,
  title = {By Parallel Reasoning: The Construction and Evaluation of Analogical Arguments},
  author = {Bartha, Paul F. A.},
  date = {2010},
  pages = {356},
  publisher = {{Oxford University Press}},
  url = {https://books.google.no/books?hl=no&lr=&id=uojqSjyTcF4C&oi=fnd&pg=PR11&dq=by+parallelle+reasoning+bartha&ots=EYXAWP0G9Z&sig=a3nFGVu4lSs7XcCa_W71999rL8w&redir_esc=y#v=onepage&q=by parallelle reasoning bartha&f=false},
  isbn = {0199717052}
}


@book{beck2012,
  title = {The Legal Reasoning of the Court of Justice of the {{EU}}.},
  author = {Beck, Gunnar.},
  date = {2012},
  pages = {451},
  publisher = {{Hart Publishing Limited}},
  url = {https://books.google.no/books?hl=no&lr=&id=CILbBAAAQBAJ&oi=fnd&pg=PP1&dq=gunnar+beck+&ots=TTDBTlTu1W&sig=IFtbUoyjjxaMyvNbRdu0jh0dLP8&redir_esc=y#v=onepage&q=gunnar beck&f=false},
  isbn = {1-78225-030-1}
}

@article{ben1996attributive,
  title = {Attributive Adjectives and the Predicate Calculus},
  author = {Ben-Yami, Hanoch},
  date = {1996},
  journaltitle = {Philosophical studies},
  volume = {83},
  pages = {277--289},
  publisher = {{Springer}},
  number = {3}
}
% == BibLateX quality report for ben1996attributive:
% Unexpected field 'publisher'

@article{Brewer1996,
  title = {Exemplary Reasoning: {{Semantics}}, Pragmatics, and the Rational Force of Legal Argument by Analogy},
  author = {Brewer, Scott},
  date = {1996-03},
  journaltitle = {Harvard Law Review},
  volume = {109},
  pages = {923},
  publisher = {{The Harvard Law Review Association}},
  issn = {0017811X},
  doi = {10.2307/1342258},
  url = {http://www.jstor.org/stable/1342258?origin=crossref},
  keywords = {Abductive reasoning,Analogical argument,Argumentation,Deductive reasoning,Inductive reasoning,Inference,Judges,Legal analysis,Reasoning,Rule of law},
  number = {5}
}
% == BibLateX quality report for Brewer1996:
% Unexpected field 'publisher'

@article{Brozek2017,
  title = {Analogical Arguments},
  author = {Brozek, Bartosz},
  date = {2017},
  doi = {10.1002/9781444367072.wbiee270},
  url = {https://www.academia.edu/19666352/Analogical_Arguments},
  isbn = {9781444367072}
}
% == BibLateX quality report for Brozek2017:
% Unexpected field 'isbn'
% Missing required field 'journaltitle'

@book{burlaeuspuritate,
  title = {De Puritate Artis Logicae Tractatus Longior},
  author = {Burlaeus, Gualterus},
  date = {1328}
}

@book{Clerbout2017,
  title = {Linking Game-Theoretical Approaches with Constructive Type Theory: {{Dialogical}} Strategies, {{CTT}} Demonstrations and the Axiom of Choice},
  author = {Clerbout, Nicolas and Rahman, Shahid},
  date = {2015},
  pages = {99},
  publisher = {{Springer}},
  url = {https://books.google.no/books?hl=no&lr=&id=ztsjCgAAQBAJ&oi=fnd&pg=PR7&dq=rahman+game+theoretical&ots=S12RqAuBoL&sig=veGWcjcW69zyUpiu7upaXQnj-Fo&redir_esc=y#v=onepage&q=rahman game theoretical&f=false},
  isbn = {3-319-19063-6}
}

@article{Cooper2005,
  title = {Records and Record Types in Semantic Theory},
  author = {Cooper, Robin},
  date = {2005},
  journaltitle = {Journal of Logic and Computation},
  volume = {15},
  pages = {99--112},
  issn = {0955792X},
  doi = {10.1093/logcom/exi004},
  keywords = {Discourse Representation Theory,Head-Drive Phrase Structure Grammar,Montague semantics,Natural language semantics,Records,Situation semantics,Type theory},
  number = {2}
}

@article{Eng2000,
  title = {The Doctrine of Precedent in English and Norwegian Law - Some Common and Specific Features},
  author = {Eng, Svein},
  date = {2000},
  journaltitle = {Scandinavian Studies in Law},
  volume = {39},
  pages = {275--324}
}

@book{Frege:1879,
  title = {Begriffsschrift, Eine Der Arithmetischen Nachgebildete {{Formelsprache}} Des {{reinenDenkens}}},
  author = {Frege, Gottlob},
  date = {1879},
  publisher = {{Verlag von Louis Nebert}},
  location = {{Halle}},
  url = {http://resolver.sub.uni-goettingen.de/purl?PPN538957069, http://gallica.bnf.fr/ark:/12148/bpt6k65658c}
}

@article{geach1956good,
  title = {Good and Evil},
  author = {Geach, Peter T},
  date = {1956},
  journaltitle = {Analysis},
  volume = {17},
  pages = {33--42},
  publisher = {{JSTOR}},
  number = {2}
}
% == BibLateX quality report for geach1956good:
% Unexpected field 'publisher'

@book{Geach1962-GEARAG,
  title = {Reference and Generality: {{An}} Examination of Some Medieval and Modern Theories},
  author = {Geach, P. T.},
  date = {1962},
  publisher = {{Cornell University Press}}
}

@incollection{kamp2013two,
  title = {Two Theories about Adjectives},
  booktitle = {Meaning and the Dynamics of Interpretation},
  author = {Kamp, Hans},
  date = {2013},
  pages = {225--261},
  publisher = {{Brill}}
}
% == BibLateX quality report for kamp2013two:
% Missing required field 'editor'

@article{kitcher1978positive,
  title = {Positive Understatement: {{The}} Logic of Attributive Adjectives},
  author = {Kitcher, Philip},
  date = {1978},
  journaltitle = {Journal of Philosophical Logic},
  volume = {7},
  pages = {1--17},
  publisher = {{Springer}},
  number = {1}
}
% == BibLateX quality report for kitcher1978positive:
% Unexpected field 'publisher'

@article{Koopmans1975,
  title = {Stare Decisis in European Law},
  author = {Koopmans, T},
  date = {1975},
  journaltitle = {Stare Decisis},
  pages = {24},
  issn = {15471357},
  doi = {10.2307/1102037}
}

@article{krabbe1985formal,
  title = {Formal Systems of Dialogue Rules},
  author = {Krabbe, Erik CW},
  date = {1985},
  journaltitle = {Synthese},
  volume = {63},
  pages = {295--328},
  publisher = {{Springer}},
  number = {3}
}
% == BibLateX quality report for krabbe1985formal:
% Unexpected field 'publisher'

@incollection{Kvernenes2020,
  title = {Approaching an Analysis of Reasoning by Analogy},
  author = {Kvernenes, Hans Christian N},
  date = {2021},
  booktitle = {New Developments in Legal Reasoning and Logic:
From Ancient Law to Modern Legal Systems},
	publisher = {Logic, Argumentation and Reasoning, Springer}
}

@article{Langenbucher2017,
  title = {Argument by {{Analogy}} in {{European Law}}},
  author = {Langenbucher, Katja},
  date = {1998},
  journaltitle = {Cambridge Law Journal},
  volume = {57},
  pages = {481--521},
  number = {3}
}
% == BibLateX quality report for Langenbucher2017:
% ? Title looks like it was stored in title-case in Zotero

@article{Lewis1996,
  title = {Australasian Journal of Philosophy Elusive Knowledge},
  author = {Lewis, David},
  date = {1996},
  journaltitle = {Australasian Journal of Philosophy},
  volume = {744},
  pages = {549--567},
  url = {http://aap.tandfonline.com/action/journalInformation?journalCode=rajp20 http://dx.doi.org/10.1080/00048409612347521},
  number = {4}
}

@article{Magnier2015,
  title = {La Logique Au Service Du Droit: {{L}}'analyse de La Signification Du Terme ``Incertain'' Dans La D\'efinition de La Condition Suspensive Du Droit Civil Fran\c{c}ais},
  author = {Magnier, S\'ebastien},
  date = {2015},
  journaltitle = {International Journal for the Semiotics of Law},
  volume = {28},
  pages = {647--660},
  issn = {09528059 (ISSN)},
  doi = {10.1007/s11196-015-9412-2},
  url = {https://www.scopus.com/inward/record.uri?eid=2-s2.0-84940890046&doi=10.1007%2Fs11196-015-9412-2&partnerID=40&md5=11742af2b1fc06f68ca6d3d7069f9783},
  number = {3}
}
% == BibLateX quality report for Magnier2015:
% 'issn': not a valid ISSN

@article{Martin-Lof2017,
  title = {Assertion and Request ({{Stockholm}} Lecture)},
  author = {Martin-L{\"o}f, Per},
  date = {2017},
  journaltitle = {Unpublished},
  pages = {1--9}
}

@article{Martin-Lof2017a,
  title = {Assertion and Request ({{Oslo}} Lecture)},
  author = {Martin-L{\"o}f, Per},
  date = {2017},
  journaltitle = {Unpublished}
}
% == BibLateX quality report for Martin-Lof2017a:
% Missing required field 'journaltitle'

@book{martin1984intuitionistic,
  title = {Intuitionistic Type Theory},
  author = {Martin-L{\"o}f, Per},
  date = {1984},
  volume = {9},
  publisher = {{Bibliopolis Napoli}},
  url = {http://people.csail.mit.edu/jgross/personal-website/papers/academic-papers-local/Martin-Lof80.pdf}
}

@incollection{navarro2014deontic,
  title = {Deontic Logic and Legal Systems},
  booktitle = {Tijdschrift Voor Rechtsgeschiedenis},
  author = {Navarro, Pablo E and Rodr\'iguez, Jorge L},
  editor = {13(14), 2-3. In Matthias Armgardt/Fabian Klinck/Ingo Reichard},
  date = {2014},
  volume = {63},
  pages = {498--511},
  publisher = {{Cambridge University Press}},
  number = {3}
}

@book{Nissan,
  title = {Computer Applications for Handling Legal Evidence, Police Investigation and Case Argumentation, Volume 1},
  author = {Nissan, Ephraim},
  date = {2012},
  isbn = {978-90-481-8989-2}
}

@article{Prakken1996,
  title = {A Dialectical Model of Assessing Conflicting Arguments in Legal Reasoning},
  author = {Prakken, Henry and Sartor, Giovanni},
  date = {1996},
  journal={Logical Models of Legal Argumentation}
}
% == BibLateX quality report for Prakken1996:
% Missing required field 'journaltitle'

@incollection{Prakken1998,
  title = {Modelling Reasoning with Precedents in a Formal Dialogue Game},
  booktitle = {Judicial Applications of Artificial Intelligence},
  author = {Prakken, Henry and Sartor, Giovanni},
  date = {1998},
  pages = {127--183},
  publisher = {{Springer Netherlands}},
  location = {{Dordrecht}},
  doi = {10.1007/978-94-015-9010-5\{\\_\}5},
  url = {http://link.springer.com/10.1007/978-94-015-9010-5_5}
}
% == BibLateX quality report for Prakken1998:
% Missing required field 'editor'

@incollection{Prakken2009,
  title={A logical analysis of burdens of proof},
  author={Prakken, Henry and Sartor, Giovanni},
  booktitle={Legal evidence and proof},
  pages={237--268},
  year={2016},
  publisher={Routledge}
}

@article{Primiero1994,
  title = {Belief Revision in Constructive Type Theory},
  author = {Primiero, Giuseppe},
  date = {1994},
  pages = {1--12}
}
% == BibLateX quality report for Primiero1994:
% Missing required field 'journaltitle'

@article{Quine1951,
  title = {Main Trends in Recent Philosophy: {{Two}} Dogmas of Empiricism},
  author = {Quine, Willard van Orman},
  date = {1951},
  journaltitle = {Source: The Philosophical Review},
  volume = {60},
  pages = {20--43},
  url = {http://www.jstor.org/stable/2181906},
  number = {1}
}

@article{rahman:halshs-01686951,
  title = {Conditionals and Legal Reasoning.},
  author = {Rahman, Shahid and Dango, Adjoua Bernadette},
  date = {2017},
  journaltitle = {Nunya. Philosophie, patrimoine scientifique et technique},
  publisher = {{Laboratoire d'histoire, philosophie et sociologie des sciences et technologies, Universit\'e de Lom\'e}},
  url = {https://halshs.archives-ouvertes.fr/halshs-01686951},
  keywords = {Leibniz Gottfried Wi,Logic,Philosophy of logic},
  number = {5}
}
% == BibLateX quality report for rahman:halshs-01686951:
% Unexpected field 'publisher'
% ? Possibly abbreviated journal title Nunya. Philosophie, patrimoine scientifique et technique

@book{RahmanKvernenes21,
  title = {Conditional right, Legal Reasoning and Games of Why and How.},
  author = {Rahman, Shahid and Kvernenes, Hans Christian N},
  date = {2021},
  pages = {265},
  pubstate = {forthcoming} 
}



@book{rahman18,
  title = {Immanent reasoning or Equality in Action},
  author = {Rahman, Shahid and McConaughey, Zoe and Klev, Ansten and Clerbout, Nicolas},
  date = {2018},
  pages = {265},
  publisher = {Logic, Argumentation and Reasoning, Springer}
}

@article{Rahman2015,
  title = {A Dialogical Frame for Fictions as Hypothetical Objects},
  author = {Rahman, Shahid and Redmond, Juan},
  date = {2015},
  journaltitle = {Filosofia Unisinos},
  volume = {16},
  pages = {2--21},
  issn = {19848234},
  doi = {10.4013/fsu.2015.161.01},
  keywords = {Dialogical logic,Dialogues,Fiction,Hypothetical objects,Scientific models},
  number = {1}
}

@article{Rahman2017,
  title={Unfolding Parallel Reasoning in Islamic Jurisprudence (I) epistemic and dialectical meaning in Abu Ishaq al-Shirazi's system of co-relational inferences of the occasioning factor},
  author={Rahman, Shahid and Iqbal, Muhammad},
  journal={Arabic Sciences and Philosophy},
  volume={28},
  number={1},
  pages={67--132},
  year={2018},
  publisher={Cambridge University Press}
}

@incollection{Rahman2019,
  title = {Legal Reasoning and Some Logic after All. - the Lessons of the Elders},
  author = {Rahman, Shahid and Granstr\"om, Johan Georg},
  date = {2019},
  pages = {1--46},
  number = {I},
  booktitle = {{In D. Gabbay, L. Magnani, W. Park and A-V. Pietarinen (eds.) Natural Arguments. A Tribute to John Woods. London: College Publications, pp. 743-780.}},
}
% == BibLateX quality report for Rahman2019:
% Missing required field 'journaltitle'

@article{ranta91,
  title = {Constructing Possible Worlds*},
  author = {Ranta, Aarne},
  date = {1991-02},
  journaltitle = {Theoria},
  volume = {57},
  pages = {77--99},
  publisher = {{Blackwell Publishing Ltd}},
  issn = {00405825},
  doi = {10.1111/j.1755-2567.1991.tb00541},
  url = {http://doi.wiley.com/10.1111/j.1755-2567.1991.tb00541.x},
  number = {1-2}
}
% == BibLateX quality report for ranta91:
% Unexpected field 'publisher'

@book{ranta94,
  title = {Type-Theoretical Grammar},
  author = {Ranta, Aarne},
  date = {1994},
  publisher = {{Oxford Science Publications}},
  url = {https://philpapers.org/rec/RANTG}
}

@incollection{sep-aristotle-logic,
  title = {Aristotle's Logic},
  booktitle = {The {{Stanford}} Encyclopedia of Philosophy},
  author = {Smith, Robin},
  editor = {Zalta, Edward N.},
  date = {2020},
  edition = {Fall 2020},
  publisher = {{Metaphysics Research Lab, Stanford University}},
  url = {https://plato.stanford.edu/archives/fall2020/entries/aristotle-logic/}
}

@incollection{sep-frege-theorem,
  title = {Frege's Theorem and Foundations for Arithmetic},
  booktitle = {The {{Stanford}} Encyclopedia of Philosophy},
  author = {Zalta, Edward N.},
  editor = {Zalta, Edward N.},
  date = {2020},
  edition = {Summer 2020},
  publisher = {{Metaphysics Research Lab, Stanford University}},
  url = {https://plato.stanford.edu/archives/sum2020/entries/frege-theorem/}
}

@incollection{sep-future-contingents,
  title = {Future Contingents},
  booktitle = {The {{Stanford}} Encyclopedia of Philosophy},
  author = {\O hrstr\o m, Peter and Hasle, Per},
  editor = {Zalta, Edward N.},
  date = {2020},
  edition = {Summer 2020},
  publisher = {{Metaphysics Research Lab, Stanford University}}
}

@article{Spajic1991,
  title = {The Authority of Precedents in Civil Law Systems 1},
  author = {Spajic, Bojan},
  date = {1991},
  volume = {36},
  pages = {1--19},
  number = {4}
}
% == BibLateX quality report for Spajic1991:
% Missing required field 'journaltitle'

@article{StanfordMedAnalogy,
  title = {Medieval Theories of Analogy},
  author = {Zalta, Edward N and Nodelman, Uri and Allen, Colin and Lanier Anderson, R},
  date = {1999},
  journaltitle = {Stanford encyclopedia of philosophy},
  url = {http://plato.stanford.edu/archives/win2013/entries/analogy-medieval/}
}

@article{StanfordMetaphor,
  title = {Metaphor},
  author = {Zalta, Edward N and Nodelman, Uri and Allen, Colin and Lanier Anderson, R},
  date = {2011},
  journaltitle = {Stanford encyclopedia of philosophy},
  volume = {19},
  url = {http://plato.stanford.edu/archives/fall2016/entries/metaphor/ http://plato.stanford.edu/archives/fall2016/entries/metaphor/},
  number = {6}
}

@article{Sunstein1993,
  title = {On Analogical Reasoning},
  author = {Sunstein, Cass R},
  date = {1993},
  journaltitle = {Harvard Law Review},
  volume = {106},
  pages = {741--791},
  issn = {0017811X},
  doi = {10.2307/1341662},
  url = {http://links.jstor.org/sici?sici=0017-811X%28199301%29106%3A3%3C741%3AOAR%3E2.0.CO%3B2-3},
  number = {3}
}

@article{thomson1971,
  title = {A Defense of Abortion},
  author = {Thomson, Judith Jarvis},
  date = {1971},
  journaltitle = {Philosophy and Public Affairs},
  volume = {1},
  pages = {47--66},
  publisher = {{Wiley}},
  issn = {00483915, 10884963},
  url = {http://www.jstor.org/stable/2265091},
  number = {1}
}
% == BibLateX quality report for thomson1971:
% Unexpected field 'publisher'
% 'issn': not a valid ISSN

@book{Trafford2017,
  title = {Meaning in Dialogue : An Interactive Approach to Logic and Reasoning},
  author = {Trafford, James},
  date = {2017},
  isbn = {3-319-47205-4}
}

@book{woods2015legal,
  title = {Is Legal Reasoning Irrational?: {{An}} Introduction to the Epistemology of Law},
  author = {Woods, John},
  date = {2015},
  publisher = {{College Publications}}
}

@article{Zalta2013,
  title = {Analogy and Analogical Reasoning Stanford Encyclopedia of Philosophy Analogy and Analogical Reasoning},
  author = {Zalta, Edward N and Nodelman, Uri and Allen, Colin and Lanier Anderson, R},
  date = {2013},
  journaltitle = {Stanford encyclopedia of philosophy},
  url = {https://plato.stanford.edu/board.html}
}

@article{sundholm2019neglect,
  title={The Neglect of Epistemic Considerations in Logic: the Case of Epistemic Assumptions},
  author={Sundholm, G{\"o}ran},
  journal={Topoi},
  volume={38},
  number={3},
  pages={551--559},
  year={2019},
  publisher={Springer}
}

@incollection{armgardt2022formal,
  title={A formal model for analogies in civil law reasoning},
  author={Armgardt, Matthias},
  booktitle={New Developments in Legal Reasoning and Logic},
  pages={171--183},
  year={2022},
  publisher={Springer}
}


@incollection{martinez2022elements,
  title={Elements for a Dialogical Approach on Parallel Reasoning. A Case Study of Spanish Civil Law},
  author={Martínez-Cazalla, Maria Dolors and Menéndez-Martín, Tania and Rahman, Shahid and Kvernenes, Hans Christian N},
  booktitle={New Developments in Legal Reasoning and Logic},
  pages={217--254},
  year={2022},
  publisher={Springer}
}

